% Encoding: UTF-8

@Article{article,
  author  = {Djuris, Jelena and Medarević, Djordje and Krstić, Marko and Vasiljević, Ivana and Aleksić, Ivana and Ibrić, Svetlana},
  title   = {Design Space Approach in Optimization of Fluid Bed Granulation and Tablets Compression Process},
  journal = {TheScientificWorldJournal},
  year    = {2012},
  volume  = {2012},
  pages   = {185085},
  month   = {07},
  doi     = {10.1100/2012/185085},
}

@Book{,
  title     = {OpenStax, Biology},
  publisher = {OpenStax CNX},
  year      = {2019},
  month     = mar,
  url       = {http://cnx.org/contents/185cbf87-c72e-48f5-b51e-f14f21b5eabd@11.10.},
}

@Unknown{unknown,
  author = {Belharbi, Soufiane},
  title  = {Neural Networks Regularization Through Representation Learning},
  month  = {07},
  year   = {2018},
}

@Comment{jabref-meta: databaseType:bibtex;}
